<collection xmlns="http://www.loc.gov/MARC21/slim">
<record>
  <leader>01321ncm0a22002531i 450 </leader>
  <controlfield tag="001">IT\ICCU\CNCE\044589</controlfield>
  <controlfield tag="005">20110805000000.0</controlfield>
  <datafield tag="100" ind1=" " ind2=" ">
    <subfield code="a">19990115d1557        0itac0103    ba</subfield>
  </datafield>
  <datafield tag="101" ind1=" " ind2=" ">
    <subfield code="a">ITA</subfield>
  </datafield>
  <datafield tag="102" ind1=" " ind2=" ">
    <subfield code="a">IT</subfield>
  </datafield>
  <datafield tag="200" ind1="1" ind2=" ">
    <subfield code="a">Madregali ariosi a quatro voci composti da diversi eccellentissimi autori, et per Antonio Gardano nuouamente con somma diligentia stampati. Libro primo delle Muse a quatro voci</subfield>
  </datafield>
  <datafield tag="210" ind1=" " ind2=" ">
    <subfield code="a">In Venetia</subfield>
    <subfield code="c">apresso di Antonio Gardano</subfield>
    <subfield code="d">1557</subfield>
  </datafield>
  <datafield tag="215" ind1=" " ind2=" ">
    <subfield code="a">4 fasc.</subfield>
    <subfield code="d">4ʻobl</subfield>
  </datafield>
  <datafield tag="300" ind1=" " ind2=" ">
    <subfield code="a">S, A, T, B</subfield>
  </datafield>
  <datafield tag="620" ind1=" " ind2=" ">
    <subfield code="a">IT</subfield>
    <subfield code="d">Venezia</subfield>
  </datafield>
  <datafield tag="712" ind1="0" ind2="0">
    <subfield code="a">Gardane, Antonio</subfield>
    <subfield code="3">IT\ICCU\CNCT\000315</subfield>
    <subfield code="4">650</subfield>
  </datafield>
  <datafield tag="791" ind1="0" ind2="0">
    <subfield code="a">Gardano, Antonio</subfield>
    <subfield code="3">IT\ICCU\CNCT\004837</subfield>
    <subfield code="z">Gardane, Antonio</subfield>
  </datafield>
  <datafield tag="791" ind1="0" ind2="0">
    <subfield code="a">Gardanus, Antonius</subfield>
    <subfield code="3">IT\ICCU\CNCT\004839</subfield>
    <subfield code="z">Gardane, Antonio</subfield>
  </datafield>
  <datafield tag="801" ind1=" " ind2="3">
    <subfield code="a">IT</subfield>
    <subfield code="b">ICCU</subfield>
    <subfield code="c">20201114</subfield>
  </datafield>
  <datafield tag="899" ind1=" " ind2=" ">
    <subfield code="a">Museo Internazionale e Biblioteca della Musica. Bologna</subfield>
    <subfield code="z">(S,T,B)</subfield>
    <subfield code="1">BO0310</subfield>
    <subfield code="2">UBO BM</subfield>
  </datafield>
  <datafield tag="899" ind1=" " ind2=" ">
    <subfield code="a">Biblioteca musicale governativa del Conservatorio di musica S. Cecilia. Roma</subfield>
    <subfield code="z">(B)</subfield>
    <subfield code="1">RM0266</subfield>
    <subfield code="2">RMR SC</subfield>
  </datafield>
  <datafield tag="899" ind1=" " ind2=" ">
    <subfield code="a">Biblioteca nazionale Marciana. Venezia</subfield>
    <subfield code="z">(S,T,B)</subfield>
    <subfield code="1">VE0049</subfield>
    <subfield code="2">VEA BM</subfield>
  </datafield>
  <datafield tag="911" ind1=" " ind2=" ">
    <subfield code="a">Sul front.</subfield>
    <subfield code="9">IT\ICCU\CNCM\002507</subfield>
  </datafield>
  <datafield tag="921" ind1=" " ind2=" ">
    <subfield code="a">IT\ICCU\CNCM\002507</subfield>
    <subfield code="b">Leone ed orso rampanti sorreggono una rosa con al centro un giglio. Ai lati del fiore le iniziali: A.G.</subfield>
    <subfield code="e">Concorde virtute et naturae miraculis</subfield>
    <subfield code="c">U1025</subfield>
    <subfield code="f">LEONE</subfield>
    <subfield code="f">ORSO</subfield>
    <subfield code="f">CONCORDEVI</subfield>
    <subfield code="g">1548-1559</subfield>
  </datafield>
</record>
</collection>
